
%-------------------------------------------------------------------------------
% 2021

@article{Visser-Lindner-etal-2021,
title = {"Recent natural variability in global warming weakened phenological mismatch and selection on seasonal timing in great tits (Parus major)"},
author = "Visser, ME and Lindner, M and Gienapp, P and {\textbf{Long}}, {\textbf{M}}~{\textbf{C}} and Jenouvrier, S",
journal = "Proc. R. Soc. B",
year = 2021,
eid = "20211337",
doi = "10.1098/rspb.2021.1337",
}


@article{Long2021-qz,
author = {{\textbf{Long}}, {\textbf{M}}~{\textbf{C}}  and Britton B. Stephens  and Kathryn McKain  and Colm Sweeney  and Ralph F. Keeling  and Eric A. Kort  and Eric J. Morgan  and Jonathan D. Bent  and Naveen Chandra  and Frederic Chevallier  and Róisín Commane  and Bruce C. Daube  and Paul B. Krummel  and Zoë Loh  and Ingrid T. Luijkx  and David Munro  and Prabir Patra  and Wouter Peters  and Michel Ramonet  and Christian Rödenbeck  and Ann Stavert  and Pieter Tans  and Steven C. Wofsy },
title = {Strong {Southern Ocean} carbon uptake evident in airborne observations},
journal = {Science},
volume = {374},
number = {6572},
pages = {1275-1280},
year = {2021},
doi = {10.1126/science.abi4355}
}



@ARTICLE{Long2021-sz,
title = "Simulations with the {Marine Biogeochemistry Library ({MARBL}})",
author = "{\textbf{Long}}, {\textbf{M}}~{\textbf{C}} and Moore, J Keith and Lindsay, Keith and Levy, Michael and Doney, Scott C and Luo, Jessica Y and Krumhardt, Kristen M and Letscher, Robert T and Grover, Maxwell and Sylvester, Zephyr T",
journal = "{Journal of Advances in Modeling Earth Systems}",
publisher = "American Geophysical Union (AGU)",
month =  nov,
year =  2021,
copyright = "http://onlinelibrary.wiley.com/termsAndConditions\#vor",
language = "en",
issn = "1942-2466",
doi = "10.1029/2021ms002647"
}


@ARTICLE{Eddebbar2021-tx,
title = "Seasonal modulation of dissolved oxygen in the equatorial pacific by tropical instability vortices",
author = "Eddebbar, Y A and Subramanian, A C and Whitt, D B and {\textbf{Long}}, {\textbf{M}}~{\textbf{C}} and Verdy, A and Mazloff, M R and Merrifield, M A",
journal = "Journal of Geophysical Research: Oceans",
publisher = "American Geophysical Union (AGU)",
month =  nov,
year =  2021,
copyright = "http://onlinelibrary.wiley.com/termsAndConditions\#vor",
language = "en",
issn = "2169-9275, 2169-9291",
doi = "10.1029/2021jc017567"
}


@article{https://doi.org/10.1029/2021JC017510,
author = {Morgan, Eric J. and Manizza, Manfredi and Keeling, Ralph F. and Resplandy, Laure and Mikaloff-Fletcher, Sara E. and Nevison, Cynthia D. and Jin, Yuming and Bent, Jonathan D. and Aumont, Olivier and Doney, Scott C. and Dunne, John P. and John, Jasmin and Lima, Ivan D. and {\textbf{Long}}, {\textbf{M}}~{\textbf{C}} and Rodgers, Keith B.},
title = {An Atmospheric Constraint on the Seasonal Air-Sea Exchange of Oxygen and Heat in the Extratropics},
journal = {Journal of Geophysical Research: Oceans},
volume = {126},
number = {8},
doi = {10.1029/2021JC017510},
year = {2021}
}


@ARTICLE{Sylvester-Long-etal-2021,
title = "Detecting Climate Signals in {Southern Ocean} Krill Growth Habitat",
author = "$^*$Sylvester, Zephyr T. and {\textbf{Long}}, {\textbf{M}}~{\textbf{C}} and Cassandra Brooks",
journal = "Frontiers in Marine Science",
year =  2021,
issn = "2296-7745",
volume = 8,
pages = 708,
doi = "10.3389/fmars.2021.669508"
}

@Article{Brett2021-yx,
AUTHOR = {$^\dagger$Brett, G. J. and Whitt, D. B. and {\textbf{Long}}, {\textbf{M}}~{\textbf{C}} and Bryan, F. and Feloy, K. and Richards, K. J.},
TITLE = {Sensitivity of 21st-century projected ocean new production changes to idealized biogeochemical model structure},
JOURNAL = {Biogeosciences},
VOLUME = {18},
YEAR = {2021},
NUMBER = {10},
PAGES = {3123--3145},
URL = {https://bg.copernicus.org/articles/18/3123/2021/},
DOI = {10.5194/bg-18-3123-2021}
}

@ARTICLE{Eveleth2021-vp,
title = "Assessing the skill of a high-resolution marine biophysical model using geostatistical analysis of mesoscale ocean chlorophyll variability from field observations and remote sensing",
author = "Eveleth, Rachel and Glover, David M and {\textbf{Long}}, {\textbf{M}}~{\textbf{C}}  and Lima, Ivan D and Chase, Alison P and Doney, Scott C",
journal = "Frontiers in Marine Science",
publisher = "Frontiers Media SA",
volume =  8,
month =  apr,
year =  2021,
issn = "2296-7745",
doi = "10.3389/fmars.2021.612764"
}


@ARTICLE{Harrison2021-bz,
title = "Identifying global favourable habitat for early juvenile loggerhead sea turtles",
author = "$^\dagger$Harrison, Cheryl S and Luo, Jessica Y and Putman, Nathan F and Li, Qingfeng and Sheevam, Pooja and Krumhardt, Kristen and Stevens, Jessica and {\textbf{Long}}, {\textbf{M}}~{\textbf{C}}",
journal = "Journal of the Royal Society, Interface / the Royal Society",
volume =  18,
number =  175,
pages = "20200799",
month =  feb,
year =  2021,
language = "en",
issn = "1742-5689, 1742-5662",
pmid = "33622144",
doi = "10.1098/rsif.2020.0799"
}

@ARTICLE{Misumi2021-eo,
title = "Slowly sinking particles underlie dissolved iron transport across the pacific ocean",
author = "Misumi, K and Nishioka, J and Obata, H and Tsumune, D and Tsubono, T and {\textbf{Long}}, {\textbf{M}}~{\textbf{C}} and Lindsay, K and Moore, J K",
journal = "Global biogeochemical cycles",
publisher = "American Geophysical Union (AGU)",
volume =  35,
number =  4,
month =  apr,
year =  2021,
copyright = "http://onlinelibrary.wiley.com/termsAndConditions\#vor",
language = "en",
issn = "0886-6236, 1944-9224",
doi = "10.1029/2020gb006823"
}


@ARTICLE{Krumhardt2020-iu,
title = "{Southern Ocean} calcification controls the global distribution of alkalinity",
author = "Krumhardt, K M and {\textbf{Long}}, {\textbf{M}}~{\textbf{C}} and Lindsay, K and Levy, M N",
journal = "Global biogeochemical cycles",
publisher = "American Geophysical Union (AGU)",
volume =  34,
number =  12,
month =  dec,
year =  2020,
language = "en",
issn = "0886-6236, 1944-9224",
doi = "10.1029/2020gb006727"
}


@article{Small2020-gh,
title = {On the control of Subantarctic stratification by the ocean circulation},
author = "Small, R Justin and DuVivier, Alice K and Whitt, Daniel B and {\textbf{Long}}, {\textbf{M}}~{\textbf{C}} and Grooms, Ian and Large, William G",
journal = "Climate Dynamics",
month =  oct,
year =  2020,
issn = "0930-7575, 1432-0894",
doi = "10.1007/s00382-020-05473-2"
}


@ARTICLE{Richards2021-ab,
title = "The impact of climate change on ocean submesoscale activity",
author = "Richards, K J and Whitt, D B and Brett, G and Bryan, F O and Feloy, K and {\textbf{Long}}, {\textbf{M}}~{\textbf{C}}",
journal = "Journal of Geophysical Research: Oceans",
publisher = "American Geophysical Union (AGU)",
volume =  126,
number =  5,
month =  may,
year =  2021,
copyright = "http://onlinelibrary.wiley.com/termsAndConditions\#vor",
language = "en",
issn = "2169-9275, 2169-9291",
doi = "10.1029/2020jc016750"
}

@article{Seferian-Berthet-etal-2020,
	Author = {Roland S{\'{e}}f{\'{e}}rian and Sarah Berthet and Andrew Yool and Julien Palmi{\'{e}}ri and Laurent Bopp and Alessandro Tagliabue and Lester Kwiatkowski and Olivier Aumont and James Christian and John Dunne and Marion Gehlen and Tatiana Ilyina and Jasmin G. John and Hongmei Li and {\textbf{Long}}, {\textbf{M}}~{\textbf{C}} and Jessica Y. Luo and Hideyuki Nakano and Anastasia Romanou and J{\"o}rg Schwinger and Charles Stock and Yeray Santana-Falc{\'{o}}n and Yohei Takano and Jerry Tjiputra and Hiroyuki Tsujino and Michio Watanabe and Tongwen Wu and Fanghua Wu and Akitomo Yamamoto},
	Date-Added = {2020-08-22 07:12:18 -0600},
	Date-Modified = {2020-08-22 07:13:15 -0600},
	Doi = {10.1007/s40641-020-00160-0},
	Journal = {Current Climate Change Reports},
	Month = {aug},
	Number = {3},
	Pages = {95--119},
	Publisher = {Springer Science and Business Media {LLC}},
	Title = {Tracking Improvement in Simulated Marine Biogeochemistry Between {CMIP}5 and {CMIP}6},
	Url = {https://doi.org/10.1007%2Fs40641-020-00160-0},
	Volume = {6},
	Year = 2020,
	Bdsk-Url-1 = {https://doi.org/10.1007%2Fs40641-020-00160-0},
	Bdsk-Url-2 = {https://doi.org/10.1007/s40641-020-00160-0}}

@article{Tsujino-Urakawa-etal-2020,
	Author = {Tsujino, H. and Urakawa, L. S. and Griffies, S. M. and Danabasoglu, G. and Adcroft, A. J. and Amaral, A. E. and Arsouze, T. and Bentsen, M. and Bernardello, R. and B\"oning, C. W. and Bozec, A. and Chassignet, E. P. and Danilov, S. and Dussin, R. and Exarchou, E. and Fogli, P. G. and Fox-Kemper, B. and Guo, C. and Ilicak, M. and Iovino, D. and Kim, W. M. and Koldunov, N. and Lapin, V. and Li, Y. and Lin, P. and Lindsay, K. and Liu, H. and {\textbf{Long}}, {\textbf{M}}~{\textbf{C}} and Komuro, Y. and Marsland, S. J. and Masina, S. and Nummelin, A. and Rieck, J. K. and Ruprich-Robert, Y. and Scheinert, M. and Sicardi, V. and Sidorenko, D. and Suzuki, T. and Tatebe, H. and Wang, Q. and Yeager, S. G. and Yu, Z.},
	Date-Added = {2020-08-21 06:08:46 -0600},
	Date-Modified = {2020-08-21 06:09:37 -0600},
	Doi = {10.5194/gmd-13-3643-2020},
	Journal = {Geoscientific Model Development},
	Number = {8},
	Pages = {3643--3708},
	Title = {Evaluation of global ocean--sea-ice model simulations based on the experimental protocols of the Ocean Model Intercomparison Project phase 2 (OMIP-2)},
	Url = {https://gmd.copernicus.org/articles/13/3643/2020/},
	Volume = {13},
	Year = {2020},
	Bdsk-Url-1 = {https://gmd.copernicus.org/articles/13/3643/2020/},
	Bdsk-Url-2 = {https://doi.org/10.5194/gmd-13-3643-2020}}


%-------------------------------------------------------------------------------
% 2020
@article{Lester2020-fl,
	title = "Internal Variability Dominates Over Externally Forced Ocean Circulation Changes Seen Through {CFCs}",
	author = "Lester, J G and Lovenduski, N S and Graven, H D and {\textbf{Long}}, {\textbf{M}}~{\textbf{C}} and Lindsay, K",
	journal = "Geophysical research letters",
	volume =  47,
	number =  9,
	month =  may,
	year =  2020,
	issn = "0094-8276, 1944-8007",
	doi = "10.1029/2020GL087585"
	}

@article{Schlunegger-Rodgers-etal-2020,
	Author = {Schlunegger, Sarah and Rodgers, Keith B. and Sarmiento, Jorge L. and Ilyina, Tatiana and Dunne, John and Takano, Yohei and Christian, James and {\textbf{Long}}, {\textbf{M}}~{\textbf{C}} and Fr{\"o}licher, Thomas L. and Slater, Richard and et al.},
	Date-Added = {2020-08-11 09:51:47 -0600},
	Date-Modified = {2020-08-21 06:11:00 -0600},
	Doi = {10.1029/2019gb006453},
	Issn = {1944-9224},
	Journal = {Global Biogeochemical Cycles},
	Month = {Jul},
	Publisher = {American Geophysical Union (AGU)},
	Title = {Time of Emergence and Large Ensemble Intercomparison For Ocean Biogeochemical trends},
	Url = {http://dx.doi.org/10.1029/2019GB006453},
	Year = {2020},
	Bdsk-Url-1 = {http://dx.doi.org/10.1029/2019GB006453},
	Bdsk-Url-2 = {http://dx.doi.org/10.1029/2019gb006453}}

@article{Krumhardt-Lovenduski-etal-2020,
	Author = {$^\dagger$Krumhardt, K. M. and Lovenduski, N. S. and {\textbf{Long}}, {\textbf{M}}~{\textbf{C}} and Luo, J. Y. and Lindsay, K. and Yeager, S. and Harrison, C.},
	Date-Added = {2020-06-18 07:14:18 -0600},
	Date-Modified = {2020-06-18 07:15:41 -0600},
	Doi = {10.1029/2020gb006531},
	Issn = {1944-9224},
	Journal = {Global Biogeochemical Cycles},
	Month = {Jun},
	Number = {6},
	Publisher = {American Geophysical Union (AGU)},
	Title = {Potential Predictability of Net Primary Production in the Ocean},
	Volume = {34},
	Year = {2020},
	Bdsk-Url-1 = {http://dx.doi.org/10.1029/2020GB006531},
	Bdsk-Url-2 = {http://dx.doi.org/10.1029/2020gb006531}}


@article{Brady-Lovenduski-etal-2020,
	Author = {Riley $^*$Brady and Nicole Lovenduski and Yeager, Stephen G. and {\textbf{Long}}, {\textbf{M}}~{\textbf{C}} and Keith Lindsay},
	Date-Added = {2020-04-29 22:29:54 -0600},
	Date-Modified = {2020-05-26 16:50:19 -0600},
	Doi = {10.1038/s41467-020-15722-x},
	Journal = {Nature Communications},
	Title = {{Skillful multiyear predictions of ocean acidification in the California Current System}},
	Year = {2020},
	Bdsk-Url-1 = {https://doi.org/10.1038/s41467-020-15722-x}}

@article{Rohr-Harrison-etal-2020a,
	Author = {$^*$Rohr, Tyler and Harrison, Cheryl and {\textbf{Long}}, {\textbf{M}}~{\textbf{C}} and Gaube, Peter and Doney, Scott C.},
	Date-Added = {2020-04-06 09:38:49 -0600},
	Date-Modified = {2020-04-06 09:40:00 -0600},
	Doi = {10.1029/2019gb006385},
	Eid = {e2019GB006385},
	Issn = {0886-6236},
	Journal = {Global Biogeochemical Cycles},
	Month = {Apr},
	Title = {{The simulated biological response to Southern Ocean eddies via biological rate modification and physical transport}},
	Url = {http://dx.doi.org/10.1029/2019GB006385},
	Year = {2020},
	Bdsk-Url-1 = {http://dx.doi.org/10.1029/2019GB006385},
	Bdsk-Url-2 = {http://dx.doi.org/10.1029/2019gb006385}}

@article{Rohr-Harrison-etal-2020,
	Author = {$^*$Rohr, Tyler and Harrison, Cheryl and {\textbf{Long}}, {\textbf{M}}~{\textbf{C}} and Gaube, Peter and Doney, Scott C.},
	Date-Added = {2020-04-06 09:38:35 -0600},
	Date-Modified = {2020-04-06 09:40:10 -0600},
	Doi = {10.1029/2019gb006380},
	Eid = {e2019GB006380},
	Issn = {0886-6236},
	Journal = {Global Biogeochemical Cycles},
	Month = {Apr},
	Title = {Eddy-modified iron, light, and phytoplankton cell division rates in the simulated {Southern Ocean}},
	Url = {http://dx.doi.org/10.1029/2019GB006380},
	Year = {2020},
	Bdsk-Url-1 = {http://dx.doi.org/10.1029/2019GB006380},
	Bdsk-Url-2 = {http://dx.doi.org/10.1029/2019gb006380}}

@article{Iglesias-Suarez-Badia-etal-2020,
	Author = {Iglesias-Suarez, Fernando and Badia, Alba and Fernandez, Rafael P. and Cuevas, Carlos A. and Kinnison, Douglas E. and Tilmes, Simone and Lamarque, Jean-Fran{\c c}ois and {\textbf{Long}}, {\textbf{M}}~{\textbf{C}} and Hossaini, Ryan and Saiz-Lopez, Alfonso},
	Date-Added = {2020-04-01 12:26:12 -0600},
	Date-Modified = {2020-04-01 12:26:14 -0600},
	Doi = {10.1038/s41558-019-0675-6},
	Issn = {1758-6798},
	Journal = {Nature Climate Change},
	Month = {Jan},
	Number = {2},
	Pages = {147--154},
	Title = {Natural halogens buffer tropospheric ozone in a changing climate},
	Url = {http://dx.doi.org/10.1038/s41558-019-0675-6},
	Volume = {10},
	Year = {2020},
	Bdsk-Url-1 = {http://dx.doi.org/10.1038/s41558-019-0675-6}}

@article{Yang-Boss-etal-2020,
	Author = {Yang, Bo and Boss, Emmanuel S. and Ha{\"e}ntjens, Nils and {\textbf{Long}}, {\textbf{M}}~{\textbf{C}} and Behrenfeld, Michael J. and Eveleth, Rachel and Doney, Scott C.},
	Date-Added = {2020-03-17 12:22:43 -0600},
	Date-Modified = {2020-03-17 12:22:45 -0600},
	Doi = {10.3389/fmars.2020.00139},
	Issn = {2296-7745},
	Journal = {Frontiers in Marine Science},
	Month = {Mar},
	Title = {{Phytoplankton Phenology in the North Atlantic: Insights From Profiling Float Measurements}},
	Url = {http://dx.doi.org/10.3389/fmars.2020.00139},
	Volume = {7},
	Year = {2020},
	Bdsk-Url-1 = {http://dx.doi.org/10.3389/fmars.2020.00139}}

@article{Rahaman-Srinivasu-etal-2020,
	Author = {H. Rahaman and U. Srinivasu and S. Panickal and J.V. Durgadoo and S.M. Griffies and M. Ravichandran and A. Bozec and A. Cherchi and A. Voldoire and D . Sidorenko and E.P. Chassignet and G. Danabasoglu and H. Tsujino and K. Getzlaff and M. Ilicak and M. Bentsen and {\textbf{Long}}, {\textbf{M}}~{\textbf{C}} and P.G. Fogli and R. Farneti and S. Danilov and S.J. Marsland and S. Valcke and S.G. Yeager and Q. Wang},
	Date-Added = {2020-03-05 10:14:31 -0700},
	Date-Modified = {2020-05-26 16:38:04 -0600},
	Doi = {10.1016/j.ocemod.2019.101503},
	Issn = {1463-5003},
	Journal = {Ocean Modelling},
	Month = {Jan},
	Pages = {101503},
	Title = {{An assessment of the Indian Ocean mean state and seasonal cycle in a suite of interannual CORE-II simulations}},
	Url = {http://dx.doi.org/10.1016/j.ocemod.2019.101503},
	Volume = {145},
	Year = {2020},
	Bdsk-Url-1 = {http://dx.doi.org/10.1016/j.ocemod.2019.101503}}

@article{Danabasoglu-Lamarque-etal-2020,
	Author = {Danabasoglu, G. and Lamarque, J.-F. and Bacmeister, J. and Bailey, D. A. and DuVivier, A. K. and Edwards, J. and Emmons, L. K. and Fasullo, J. and Garcia, R. and Gettelman, A. and Hannay, C. and Holland, M. M. and Large, W. G. and Lauritzen, P. H. and Lawrence, D. M. and Lenaerts, J. T. M. and Lindsay, K. and Lipscomb, W. H. and Mills, M. J. and Neale, R. and Oleson, K. W. and Otto-Bliesner, B. and Phillips, A. S. and Sacks, W. and Tilmes, S. and van Kampenhout, L. and Vertenstein, M. and Bertini, A. and Dennis, J. and Deser, C. and Fischer, C. and Fox-Kemper, B. and Kay, J. E. and Kinnison, D. and Kushner, P. J. and Larson, V. E. and {\textbf{Long}}, {\textbf{M}}~{\textbf{C}} and Mickelson, S. and Moore, J. K. and Nienhouse, E. and Polvani, L. and Rasch, P. J. and Strand, W. G.},
	Date-Added = {2020-02-07 12:51:40 -0700},
	Date-Modified = {2020-05-26 16:38:56 -0600},
	Doi = {10.1029/2019ms001916},
	Issn = {1942-2466},
	Journal = {Journal of Advances in Modeling Earth Systems},
	Month = {Feb},
	Number = {2},
	Title = {{The Community Earth System Model Version 2 (CESM2)}},
	Url = {http://dx.doi.org/10.1029/2019MS001916},
	Volume = {12},
	Year = {2020},
	Bdsk-Url-1 = {http://dx.doi.org/10.1029/2019MS001916},
	Bdsk-Url-2 = {http://dx.doi.org/10.1029/2019ms001916}}

@article{Resplandy-Keeling-etal-2019a,
	Author = {Resplandy, L. and Keeling, R. F. and Eddebbar, Y. and Brooks, M. and Wang, R. and Bopp, L. and {\textbf{Long}}, {\textbf{M}}~{\textbf{C}} and Dunne, J. P. and Koeve, W. and Oschlies, A.},
	Date-Added = {2020-01-27 09:47:10 -0700},
	Date-Modified = {2020-01-27 09:47:13 -0700},
	Doi = {10.1038/s41598-019-56490-z},
	Issn = {2045-2322},
	Journal = {Scientific Reports},
	Month = {Dec},
	Number = {1},
	Title = {Quantification of ocean heat uptake from changes in atmospheric {O$_2$} and {CO$_2$} composition},
	Url = {http://dx.doi.org/10.1038/s41598-019-56490-z},
	Volume = {9},
	Year = {2019},
	Bdsk-Url-1 = {http://dx.doi.org/10.1038/s41598-019-56490-z}}

@article{Resplandy-Keeling-etal-2019,
	Author = {Resplandy, L. and Keeling, R. F. and Eddebbar, Y. and Brooks, M. K. and Wang, R. and Bopp, L. and {\textbf{Long}}, {\textbf{M}}~{\textbf{C}} and Dunne, J. P. and Koeve, W. and Oschlies, A.},
	Date-Added = {2020-01-06 10:51:01 -0700},
	Date-Modified = {2020-01-06 10:51:04 -0700},
	Doi = {10.1038/s41586-019-1585-5},
	Issn = {1476-4687},
	Journal = {Nature},
	Month = {Sep},
	Number = {7775},
	Pages = {614--614},
	Title = {Retraction Note: Quantification of ocean heat uptake from changes in atmospheric {O$_2$} and {CO$_2$} composition},
	Url = {http://dx.doi.org/10.1038/s41586-019-1585-5},
	Volume = {573},
	Year = {2019},
	Bdsk-Url-1 = {http://dx.doi.org/10.1038/s41586-019-1585-5}}

@article{Wang-Kinnison-etal-2019,
	Author = {Wang, Siyuan and Kinnison, Douglas and Montzka, Stephen A. and Apel, Eric C. and Hornbrook, Rebecca S. and Hills, Alan J. and Blake, Donald R. and Barletta, Barbara and Meinardi, Simone and Sweeney, Colm and Fred Moore and {\textbf{Long}}, {\textbf{M}}~{\textbf{C}} and Alfonso Saiz-Lopez and Rafael Pedro Fernandez and Simone Tilmes and Louisa K. Emmons and Jean‐Fran{\c c}ois Lamarque},
	Date-Added = {2020-01-06 10:27:35 -0700},
	Date-Modified = {2020-05-26 16:33:56 -0600},
	Doi = {10.1029/2019jd031288},
	Issn = {2169-8996},
	Journal = {Journal of Geophysical Research: Atmospheres},
	Month = {Nov},
	Number = {22},
	Pages = {12319--12339},
	Title = {Ocean Biogeochemistry Control on the Marine Emissions of Brominated Very Short-Lived Ozone-Depleting Substances: A Machine‐Learning Approach},
	Url = {http://dx.doi.org/10.1029/2019JD031288},
	Volume = {124},
	Year = {2019},
	Bdsk-Url-1 = {http://dx.doi.org/10.1029/2019JD031288},
	Bdsk-Url-2 = {http://dx.doi.org/10.1029/2019jd031288}}

@article{Morgan-Stephens-etal-2019,
	Author = {Morgan, Eric J. and Stephens, Britton B. and {\textbf{Long}}, {\textbf{M}}~{\textbf{C}} and Keeling, Ralph F. and Bent, Jonathan D. and McKain, Kathryn and Sweeney, Colm and Hoecker-Mart{\'\i}nez, Mart{\'\i}n S. and Kort, Eric A.},
	Date-Added = {2020-01-06 10:19:42 -0700},
	Date-Modified = {2020-05-26 16:34:54 -0600},
	Doi = {10.1029/2019jd031479},
	Issn = {2169-8996},
	Journal = {Journal of Geophysical Research: Atmospheres},
	Month = {Dec},
	Number = {23},
	Pages = {13439--13456},
	Title = {{Summertime Atmospheric Boundary Layer Gradients of O$_2$ and CO$_2$ over the Southern Ocean}},
	Url = {http://dx.doi.org/10.1029/2019JD031479},
	Volume = {124},
	Year = {2019},
	Bdsk-Url-1 = {http://dx.doi.org/10.1029/2019JD031479},
	Bdsk-Url-2 = {http://dx.doi.org/10.1029/2019jd031479}}

@article{Asher-Hornbrook-etal-2019,
	Author = {Asher, E. and Hornbrook, R. S. and Stephens, B. B. and Kinnison, D. and Morgan, E. J. and Keeling, R. F. and Atlas, E. L. and Schauffler, S. M. and Tilmes, S. and Kort, E. A. and Hoecker-Mart\'{\i}nez, M. S. and {\textbf{Long}}, {\textbf{M}}~{\textbf{C}} and Lamarque, J.-F. and Saiz-Lopez, A. and McKain, K. and Sweeney, C. and Hills, A. J. and Apel, E. C.},
	Date-Added = {2019-12-04 10:10:02 -0700},
	Date-Modified = {2020-05-26 16:35:54 -0600},
	Doi = {10.5194/acp-19-14071-2019},
	Issn = {1680-7324},
	Journal = {Atmospheric Chemistry and Physics},
	Month = {Nov},
	Number = {22},
	Pages = {14071--14090},
	Title = {{Novel approaches to improve estimates of short-lived halocarbon emissions during summer from the Southern Ocean using airborne observations}},
	Url = {http://dx.doi.org/10.5194/acp-19-14071-2019},
	Volume = {19},
	Year = {2019},
	Bdsk-Url-1 = {http://dx.doi.org/10.5194/acp-19-14071-2019}}

@article{Eddebbar-Long-etal-2017,
	Author = {$^*$Eddebbar, Yassir A. and {\textbf{Long}}, {\textbf{M}}~{\textbf{C}} and Resplandy, Laure and R{\"o}denbeck, Christian and Rodgers, Keith B. and Manizza, Manfredi and Keeling, Ralph F.},
	Date-Added = {2019-11-10 14:15:43 -0700},
	Date-Modified = {2020-05-26 16:10:13 -0600},
	Doi = {10.1002/2017gb005630},
	Issn = {0886-6236},
	Journal = {Global Biogeochemical Cycles},
	Month = {May},
	Number = {5},
	Pages = {901--921},
	Title = {{Impacts of ENSO on air-sea oxygen exchange: Observations and mechanisms}},
	Url = {http://dx.doi.org/10.1002/2017gb005630},
	Volume = {31},
	Year = {2017},
	Bdsk-Url-1 = {http://dx.doi.org/10.1002/2017gb005630}}

@article{Arrigo-Dijken-etal-2008,
	Author = {Arrigo, K. R. and van Dijken, G. and {\textbf{Long}}, {\textbf{M}}~{\textbf{C}}},
	Date-Added = {2019-11-10 07:28:42 -0700},
	Date-Modified = {2019-11-10 07:28:42 -0700},
	Doi = {10.1029/2008GL035624},
	Eid = {L21602},
	Journal = {Geophysical Research Letters},
	Keywords = {anthropogenic carbon dioxide {Southern Ocean} 0312 Atmospheric Composition and Structure: Air/sea constituent fluxes 1615 Global Change: Biogeochemical cycles, processes, and modeling 4815 Oceanography: Biological and Chemical: Ecosystems, structure, dynamics, and modeling},
	Title = {Coastal {{Southern Ocean}}: A strong anthropogenic {CO$_2$} sink},
	Volume = {35},
	Year = {2008},
	Bdsk-Url-1 = {https://doi.org/10.1029/2008GL035624}}

@article{Asher-Dacey-etal-2016,
	Author = {Asher, E. C. and Dacey, J. W. H. and Stukel, M. and {\textbf{Long}}, {\textbf{M}}~{\textbf{C}} and Tortell, P. D.},
	Date-Added = {2019-11-10 07:28:42 -0700},
	Date-Modified = {2019-11-10 07:28:42 -0700},
	Doi = {10.1002/lno.10379},
	Issn = {1939-5590},
	Journal = {Limnology and Oceanography},
	Title = {{Processes driving seasonal variability in DMS, DMSP, and DMSO concentrations and turnover in coastal Antarctic waters}},
	Year = {2016},
	Bdsk-Url-1 = {http://dx.doi.org/10.1002/lno.10379}}

@article{Berg-Mills-etal-2011,
	Author = {{Berg}, G.~M. and {Mills}, M.~M. and {\textbf{Long}}, {\textbf{M}}~{\textbf{C}} and {Bellerby}, R. and {Strass}, V. and {Savoye}, N. and {R{\"o}ttgers}, R. and {Croot}, P.~L. and {Webb}, A. and {Arrigo}, K.~R.},
	Date-Added = {2019-11-10 07:28:42 -0700},
	Date-Modified = {2019-11-10 07:28:42 -0700},
	Doi = {10.1029/2010GB003824},
	Eid = {GB3013},
	Journal = {Global Biogeochemical Cycles},
	Keywords = {Oceanography: Biological and Chemical: Carbon cycling (0428), Oceanography: Biological and Chemical: Nutrients and nutrient cycling (0470, 1050), Oceanography: Biological and Chemical: Stable isotopes (0454, 1041)},
	Month = jul,
	Title = {{Variation in particulate C and N isotope composition following iron fertilization in two successive phytoplankton communities in the Southern Ocean}},
	Volume = 25,
	Year = 2011,
	Bdsk-Url-1 = {http://dx.doi.org/10.1029/2010GB003824}}

@article{Bishop-Gent-etal-2016,
	Author = {{Bishop}, S.~P. and {Gent}, P.~R. and {Bryan}, F.~O. and {Thompson}, A.~F. and {\textbf{Long}}, {\textbf{M}}~{\textbf{C}} and {Abernathy}, R.},
	Date-Added = {2019-11-10 07:28:42 -0700},
	Date-Modified = {2019-11-10 07:28:42 -0700},
	Doi = {10.1175/JPO-D-15-0177.1},
	Journal = {Journal of Physical Oceanography},
	Number = {5},
	Title = {{Southern Ocean Overturning Compensation in an Eddy-Resolving Climate Simulation}},
	Volume = {46},
	Year = {2016},
	Bdsk-Url-1 = {http://dx.doi.org/10.1175/JPO-D-15-0177.1}}

@article{Burd-Frey-etal-2014,
	Author = {Burd, A.~B. AND S.~Frey AND A. Cabre AND T. Ito AND N.M. Levine AND C. L{\o}nborg AND {\textbf{Long}}, {\textbf{M}}~{\textbf{C}} AND M. Mauritz AND R.~Q Thomas AND B. Stevens AND T. Vanwalleghem AND N. Zeng},
	Date-Added = {2019-11-10 07:28:42 -0700},
	Date-Modified = {2019-11-10 07:28:42 -0700},
	Doi = {10.1111/gcb.12987},
	Journal = {Global Change Biology},
	Title = {Terrestrial and Marine Perspectives on Modeling Organic Matter Degradation Pathways},
	Volume = {in press},
	Year = {2015},
	Bdsk-Url-1 = {http://dx.doi.org/10.1111/gcb.12987}}

@article{Doney-Bopp-etal-2014,
	Author = {S. C. Doney and L. Bopp and {\textbf{Long}}, {\textbf{M}}~{\textbf{C}}},
	Date-Added = {2019-11-10 07:28:42 -0700},
	Date-Modified = {2019-11-10 07:28:42 -0700},
	Doi = {10.5670/oceanog.2014.14},
	Journal = {Oceanography},
	Number = {1},
	Pages = {109-119},
	Title = {Historical and Future Trends in Ocean Climate and Biogeochemistry},
	Volume = {27},
	Year = {2014},
	Bdsk-Url-1 = {http://dx.doi.org/10.5670/oceanog.2014.14}}

@article{Downes-Farneti-etal-2014,
	Author = {Stephanie M. Downes and Riccardo Farneti and Petteri Uotila and Simon Marsland and Stephen M. Griffies and David Bailey and Erik Behrens and Mats Bentsen and Daohua Bi and Arne Biastoch and Claus B{\"o}ning and Alexandra Bozec and Eric Chassignet and Gokhan Danabasoglu and Sergey Danilov and Nikolay Diansky and Helge Drange and Pier Giuseppe Fogli and Anatoly Gusev and Armando Howard and Maxwell Kelley and William G. Large and Anthony Leboissetier and {\textbf{Long}}, {\textbf{M}}~{\textbf{C}} and Jianhua Lu and Simona Masina and Akhilesh Mishra and Antonio Navarra and A. J. George Nurser and Lavinia Patara and Bonita L. Samuels and Dmitry Sidorenko and Hiroyuki Tsujino and Steve G. Yeager and Qiang Wang},
	Date-Added = {2019-11-10 07:28:42 -0700},
	Date-Modified = {2019-11-10 07:28:42 -0700},
	Doi = {10.1016/j.ocemod.2015.07.022},
	Journal = {Ocean Modelling},
	Title = {{An assessment of Southern Ocean water masses and sea ice during 1988--2007 in a suite of interannual CORE-II simulations}},
	Year = {2014},
	Bdsk-Url-1 = {http://dx.doi.org/10.1016/j.ocemod.2015.07.022}}

@article{Eddebbar-Rodgers-etal-2019,
	Author = {$^*$Eddebbar, Yassir A. and Rodgers, Keith B. and {\textbf{Long}}, {\textbf{M}}~{\textbf{C}} and Subramanian, Aneesh C. and Xie, Shang-Ping and Keeling, Ralph F.},
	Date-Added = {2019-11-10 07:28:42 -0700},
	Date-Modified = {2019-11-10 07:28:42 -0700},
	Doi = {10.1175/jcli-d-18-0458.1},
	Journal = {Journal of Climate},
	Month = {May},
	Number = {9},
	Pages = {2627--2649},
	Title = {{El Ni{\~n}o--Like Physical and Biogeochemical Ocean Response to Tropical Eruptions}},
	Volume = {32},
	Year = {2019},
	Bdsk-Url-1 = {http://dx.doi.org/10.1175/JCLI-D-18-0458.1},
	Bdsk-Url-2 = {http://dx.doi.org/10.1175/jcli-d-18-0458.1}}

@article{Farneti-Downes-etal-2015,
	Author = {Riccardo Farneti and Stephanie M. Downes and Stephen M. Griffies and Simon J. Marsland and David Bailey and Erik Behrens and Mats Bentsen and Daohua Bi and Arne Biastoch and Claus B{\"o}ning and Alexandra Bozec and Vittorio M. Canuto and Eric Chassignet and Gokhan Danabasoglu and Sergey Danilov and Nikolay Diansky and Helge Drange and Pier Giuseppe Fogli and Anatoly Gusev and Robert W. Hallberg and Armando Howard and Mehmet Ilicak and Maxwell Kelley and William G. Large and Anthony Leboissetier and {\textbf{Long}}, {\textbf{M}}~{\textbf{C}} and Jianhua Lu and Simona Masina and Akhilesh Mishra and Antonio Navarra and A. J. George Nurser and Lavinia Patara and Bonita L. Samuels and Dmitry Sidorenko and Hiroyuki Tsujino and Petteri Uotila and Steve G. Yeager and Qiang Wang},
	Date-Added = {2019-11-10 07:28:42 -0700},
	Date-Modified = {2019-11-10 07:28:42 -0700},
	Doi = {10.1016/j.ocemod.2015.07.009},
	Journal = {Ocean Modelling},
	Title = {{An assessment of Antarctic Circumpolar Current and Southern Ocean Meridional Overturning Circulation sensitivity during 1958--2007 in a suite of interannual CORE-II simulations}},
	Year = {2015},
	Bdsk-Url-1 = {http://dx.doi.org/10.1016/j.ocemod.2015.07.009}}

@article{Feng-Hare-etal-2010,
	Author = {Y. Feng and C.E. Hare and J.M. Rose and S.M. Handy and G.R. DiTullio and P.A. Lee and W.O. Smith Jr. and J. Peloquin and S. Tozzi and J. Sun and Y. Zhang and R.B. Dunbar and {\textbf{Long}}, {\textbf{M}}~{\textbf{C}} and B. Sohst and M. Lohan and D.A. Hutchins},
	Date-Added = {2019-11-10 07:28:42 -0700},
	Date-Modified = {2019-11-10 07:28:42 -0700},
	Doi = {10.1016/j.dsr.2009.10.013},
	Issn = {0967-0637},
	Journal = {Deep Sea Research, Part I},
	Keywords = {Southern Ocean},
	Pages = {368--383},
	Title = {Interactive effects of iron, irradiance and {CO$_2$} on {Ross Sea} phytoplankton},
	Volume = {57},
	Year = {2010},
	Bdsk-Url-1 = {http://www.sciencedirect.com/science/article/B6VGB-4XSTD1S-3/2/96f4fdb97ab7728ae08d926c0345e3e9},
	Bdsk-Url-2 = {http://dx.doi.org/10.1016/j.dsr.2009.10.013}}

@article{Freeman-Lovenduski-etal-2018,
	Author = {Natalie M. Freeman and Nicole S. Lovenduski and David R. Munro and Kristen M. Krumhardt and Keith Lindsay and {\textbf{Long}}, {\textbf{M}}~{\textbf{C}} and Michelle Maclennan},
	Date-Added = {2019-11-10 07:28:42 -0700},
	Date-Modified = {2020-05-27 06:59:27 -0600},
	Doi = {10.1029/2017GB005816},
	Journal = {Global Biogeochemical Cycles},
	Pages = {752-768},
	Title = {{The variable and changing Southern Ocean Silicate Front: Insights from the CESM Large Ensemble}},
	Volume = {32},
	Year = {2018},
	Bdsk-Url-1 = {https://doi.org/10.1029/2017GB005816}}

@article{Hamme-Emerson-etal-2017,
	Author = {Hamme, Roberta C. and Emerson, Steven R. and Severinghaus, Jeffrey P. and {\textbf{Long}}, {\textbf{M}}~{\textbf{C}} and Yashayaev, Igor},
	Date-Added = {2019-11-10 07:28:42 -0700},
	Date-Modified = {2019-11-10 07:28:42 -0700},
	Doi = {10.1002/2017gl075123},
	Issn = {0094-8276},
	Journal = {Geophysical Research Letters},
	Month = {Oct},
	Number = {19},
	Pages = {9901--9909},
	Title = {Using Noble Gas Measurements to Derive Air-Sea Process Information and Predict Physical Gas Saturations},
	Volume = {44},
	Year = {2017},
	Bdsk-Url-1 = {http://dx.doi.org/10.1002/2017GL075123},
	Bdsk-Url-2 = {http://dx.doi.org/10.1002/2017gl075123}}

@article{Harrison-Long-etal-2018,
	Author = {C.~S. $^\dagger$Harrison and {\textbf{Long}}, {\textbf{M}}~{\textbf{C}} and N.~S. {Lovenduski} and {Moore}, J.~K.},
	Date-Added = {2019-11-10 07:28:42 -0700},
	Date-Modified = {2019-11-10 07:28:42 -0700},
	Doi = {10.1002/2017GB005751},
	Journal = {Global Biogeochemical Cycles},
	Pages = {680-703},
	Title = {{Effects of mesoscale turbulence on carbon export: a global perspective}},
	Volume = {32},
	Year = {2018},
	Bdsk-Url-1 = {https://doi.org/10.1002/2017GB005751}}

@article{Henson-Beaulieu-etal-2016,
	Author = {Stephanie Henson and Claudie Beaulieu and Tatiana Ilyina and Jasmin John and {\textbf{Long}}, {\textbf{M}}~{\textbf{C}} and Roland Seferian and Jerry Tjiputra and Jorge Sarmiento},
	Date-Added = {2019-11-10 07:28:42 -0700},
	Date-Modified = {2019-11-10 07:28:42 -0700},
	Doi = {10.1038/NCOMMS14682},
	Journal = {Nature Communications},
	Title = {Rapid emergence of climate change in environmental drivers of marine ecosystem stress},
	Volume = {8},
	Year = {2017},
	Bdsk-Url-1 = {http://dx.doi.org/10.1038/NCOMMS14682}}

@article{Hurrell-Holland-etal-2013,
	Annote = {doi: 10.1175/BAMS-D-12-00121},
	Author = {Hurrell, James W. and Holland, M. M. and Gent, P. R. and Ghan, S. and Kay, J. E. and Kushner, P. J. and Lamarque, J. -F. and Large, W. G. and Lawrence, D. and Lindsay, K. and Lipscomb, W. H. and {\textbf{Long}}, {\textbf{M}}~{\textbf{C}} and Mahowald, N. and Marsh, D. R. and Neale, R. B. and Rasch, P. and Vavrus, S. and Vertenstein, M. and Bader, D. and Collins, W. D. and Hack, J. J. and Kiehl, J. and Marshall, S.},
	Date-Added = {2019-11-10 07:28:42 -0700},
	Date-Modified = {2019-11-10 07:28:42 -0700},
	Doi = {10.1175/BAMS-D-12-00121.1},
	Journal = {Bulletin of the American Meteorological Society},
	Title = {{The Community Earth System Model: A Framework for Collaborative Research}},
	Year = {2013},
	Bdsk-Url-1 = {http://dx.doi.org/10.1175/BAMS-D-12-00121}}

@article{Ito-Bracco-etal-2015,
	Author = {Takamitsu Ito and Annalisa Bracco and Curtis Deutsch and Hartmut Frenzel and {\textbf{Long}}, {\textbf{M}}~{\textbf{C}} and Yohei Takano},
	Date-Added = {2019-11-10 07:28:42 -0700},
	Date-Modified = {2019-11-10 07:28:42 -0700},
	Doi = {10.1002/2015GL064320},
	Journal = {Geophysical Research Letters},
	Title = {{Sustained growth of the Southern Ocean carbon storage in a warming climate}},
	Volume = {42},
	Year = {2015},
	Bdsk-Url-1 = {http://dx.doi.org/10.1002/2015GL064320}}

@article{Ito-Long-etal-2019,
	Author = {Ito, Takamitsu and {\textbf{Long}}, {\textbf{M}}~{\textbf{C}} and Deutsch, Curtis and Minobe, Shoshiro and Sun, Daoxun},
	Date-Added = {2019-11-10 07:28:42 -0700},
	Date-Modified = {2020-05-26 15:49:57 -0600},
	Doi = {10.1029/2018gb005987},
	Issn = {0886-6236},
	Journal = {Global Biogeochemical Cycles},
	Month = {Feb},
	Number = {2},
	Pages = {110--124},
	Title = {{Mechanisms of Low-Frequency Oxygen Variability in the North Pacific}},
	Volume = {33},
	Year = {2019},
	Bdsk-Url-1 = {http://dx.doi.org/10.1029/2018GB005987},
	Bdsk-Url-2 = {http://dx.doi.org/10.1029/2018gb005987}}

@article{Ito-Minobe-etal-2017,
	Author = {Ito, Takamitsu and Minobe, Shoshiro and {\textbf{Long}}, {\textbf{M}}~{\textbf{C}} and Deutsch, Curtis},
	Date-Added = {2019-11-10 07:28:42 -0700},
	Date-Modified = {2020-05-26 16:09:01 -0600},
	Doi = {10.1002/2017gl073613},
	Issn = {0094-8276},
	Journal = {Geophysical Research Letters},
	Month = {May},
	Number = {9},
	Pages = {4214--4223},
	Title = {{Upper ocean O$_2$ trends: 1958-2015}},
	Volume = {44},
	Year = {2017},
	Bdsk-Url-1 = {http://dx.doi.org/10.1002/2017GL073613},
	Bdsk-Url-2 = {http://dx.doi.org/10.1002/2017gl073613}}

@article{Krumhardt-Lovenduski-etal-2016,
	Author = {Krumhardt, K.~M. and N.~S. Lovenduski and {\textbf{Long}}, {\textbf{M}}~{\textbf{C}} and K. Lindsay},
	Date-Added = {2019-11-10 07:28:42 -0700},
	Date-Modified = {2019-11-10 07:28:42 -0700},
	Doi = {10.1002/2016GB005528},
	Journal = {Global Biogeochemical Cycles},
	Title = {{Avoidable impacts of ocean warming on marine primary production: Insights from the CESM ensembles}},
	Volume = {30},
	Year = {2016},
	Bdsk-Url-1 = {http://dx.doi.org/10.1002/2016GB005528}}

@article{Krumhardt-Lovenduski-etal-2019,
	Author = {$^\dagger$Krumhardt, K. M. and Lovenduski, N. S. and {\textbf{Long}}, {\textbf{M}}~{\textbf{C}} and Levy, M. and Lindsay, K. and Moore, J. K. and Nissen, C.},
	Date-Added = {2019-11-10 07:28:42 -0700},
	Date-Modified = {2019-11-10 07:28:42 -0700},
	Doi = {10.1029/2018ms001483},
	Issn = {1942-2466},
	Journal = {Journal of Advances in Modeling Earth Systems},
	Month = {Mar},
	Title = {{Coccolithophore growth and calcification in an acidified ocean: Insights from Community Earth System Model simulations}},
	Year = {2019},
	Bdsk-Url-1 = {http://dx.doi.org/10.1029/2018MS001483},
	Bdsk-Url-2 = {http://dx.doi.org/10.1029/2018ms001483}}

@article{Lindsay-Bonan-etal-2014,
	Author = {Lindsay, K. and Bonan, G. and Doney, S. C. and Hoffman, F. and Lawrence, D. M. and {\textbf{Long}}, {\textbf{M}}~{\textbf{C}} and Mahowald, N. and Moore, J. K. and Randerson, J. T. and Thornton, P. E.},
	Date-Added = {2019-11-10 07:28:42 -0700},
	Date-Modified = {2019-11-10 07:28:42 -0700},
	Doi = {10.1175/JCLI-D-12-00565.1},
	Journal = {Journal of Climate},
	Number = {24},
	Pages = {8981-9005},
	Title = {Preindustrial Control and {20th Century} Experiments with the Earth System Model {CESM1(BGC)}},
	Volume = {27},
	Year = {2014},
	Bdsk-Url-1 = {http://dx.doi.org/10.1175/JCLI-D-12-00565.1}}

@article{Long-Deutsch-etal-2016,
	Author = {{\textbf{Long}}, {\textbf{M}}~{\textbf{C}} and {Deutsch}, C.~A. and Ito, T.},
	Date-Added = {2019-11-10 07:28:42 -0700},
	Date-Modified = {2019-11-10 07:28:42 -0700},
	Doi = {10.1002/2015GB005310},
	Journal = {Global Biogeochemical Cycles},
	Title = {Finding forced trends in oceanic oxygen},
	Volume = {30},
	Year = {2016},
	Bdsk-Url-1 = {http://dx.doi.org/10.1002/2015GB005310}}

@article{Long-Dunbar-etal-2011b,
	Author = {{\textbf{Long}}, {\textbf{M}}~{\textbf{C}} and R. B. Dunbar and P. D. Tortell and W. O. Smith and D. A. Mucciarone and Giacomo R. {DiTullio}},
	Date-Added = {2019-11-10 07:28:42 -0700},
	Date-Modified = {2019-11-10 07:28:42 -0700},
	Doi = {10.1029/2009JC005954},
	Journal = {Journal of Geophysical Research},
	Number = {C10029},
	Timestamp = {2009.08.04},
	Title = {Vertical structure, seasonal drawdown, and net community production in the {Ross Sea, Antarctica}},
	Volume = {116},
	Year = {2011},
	Bdsk-Url-1 = {http://dx.doi.org/10.1029/2009JC005954}}

@incollection{Long-Ito-etal-2019,
	Author = {{\textbf{Long}}, {\textbf{M}}~{\textbf{C}} and {Ito}, T. and {Deutsch}, C.},
	Booktitle = {Ocean deoxygenation: everyone's problem. Causes, impacts, consequences and solutions.},
	Date-Added = {2019-11-10 07:28:42 -0700},
	Date-Modified = {2020-01-06 10:25:01 -0700},
	Doi = {10.2305/IUCN.CH.2019.13.en},
	Editor = {Dan Laffoley and John Baxter},
	Title = {Oxygen projections for the future},
	Year = {2019},
	Bdsk-Url-1 = {https://doi.org/10.2305/IUCN.CH.2019.13.en}}

@article{Long-Lindsay-etal-2013,
	Author = {{\textbf{Long}}, {\textbf{M}}~{\textbf{C}} and Lindsay, K. and Peacock, S. and Moore, J. K. and Doney, S. C.},
	Date-Added = {2019-11-10 07:28:42 -0700},
	Date-Modified = {2019-11-10 07:28:42 -0700},
	Doi = {10.1175/JCLI-D-12-00184.1},
	Journal = {Journal of Climate},
	Number = {18},
	Pages = {6775-6800},
	Title = {{Twentieth-Century Oceanic Carbon Uptake and Storage in CESM1(BGC)}},
	Volume = {26},
	Year = {2013},
	Bdsk-Url-1 = {http://dx.doi.org/10.1175/JCLI-D-12-00184.1}}

@article{Long-Lindsay-etal-2015,
	Author = {{\textbf{Long}}, {\textbf{M}}~{\textbf{C}} and {Lindsay}, K. and {Holland}, M.~M.},
	Date-Added = {2019-11-10 07:28:42 -0700},
	Date-Modified = {2019-11-10 07:28:42 -0700},
	Doi = {10.1002/2015MS000436},
	Journal = {Journal of Advances in Modeling Earth Systems},
	Number = {3},
	Pages = {1189-1206},
	Title = {Modeling photosynthesis in sea ice covered waters},
	Volume = {07},
	Year = {2015},
	Bdsk-Url-1 = {http://dx.doi.org/10.1002/2015MS000436}}

@article{Long-Thomas-etal-2012,
	Author = {{\textbf{Long}}, {\textbf{M}}~{\textbf{C}} and Thomas, Leif N. and Dunbar, Robert B.},
	Date-Added = {2019-11-10 07:28:42 -0700},
	Date-Modified = {2019-11-10 07:28:42 -0700},
	Doi = {10.1029/2010GB003982},
	Eid = {GB1006},
	Journal = {Global Biogeochemical Cycles},
	Keywords = {Ross Sea; Southern Ocean; carbon cycle; 4207 Oceanography: General: Arctic and Antarctic oceanography (9310, 9315); 4219 Oceanography: General: Continental shelf and slope processes (3002); 4273 Oceanography: General: Physical and biogeochemical interactions; 4805 Oceanography: Biological and Chemical: Biogeochemical cycles, processes, and modeling (0412, 0414, 0793, 1615, 4912)},
	Number = {1},
	Title = {{Control of phytoplankton bloom inception in the Ross Sea, Antarctica, by Ekman restratification}},
	Volume = {26},
	Year = {2012},
	Bdsk-Url-1 = {http://dx.doi.org/10.1029/2010GB003982}}

@article{Lovenduski-Long-etal-2013,
	Author = {{Lovenduski}, N.~S. and {\textbf{Long}}, {\textbf{M}}~{\textbf{C}} and {Gent}, P.~R. and {Lindsay}, K.},
	Date-Added = {2019-11-10 07:28:42 -0700},
	Date-Modified = {2019-11-10 07:28:42 -0700},
	Doi = {10.1029/2012GL054483},
	Journal = {Geophysical Research Letters},
	Number = {1},
	Pages = {139-142},
	Title = {{Multi-decadal trends in the advection and mixing of natural carbon in the Southern Ocean}},
	Volume = {40},
	Year = {2013},
	Bdsk-Url-1 = {http://dx.doi.org/10.1029/2012GL054483}}

@article{Lovenduski-Long-etal-2015,
	Author = {{Lovenduski}, N.~S. and {\textbf{Long}}, {\textbf{M}}~{\textbf{C}} and {Lindsay}, K.},
	Date-Added = {2019-11-10 07:28:42 -0700},
	Date-Modified = {2019-11-10 07:28:42 -0700},
	Doi = {10.5194/bg-12-6321-2015},
	Journal = {Biogeosciences},
	Pages = {6321-6335},
	Title = {Natural variability in the surface ocean carbonate ion concentration},
	Volume = {12},
	Year = {2015},
	Bdsk-Url-1 = {http://dx.doi.org/10.5194/bg-12-6321-2015}}

@article{Lovenduski-McKinley-etal-2016,
	Author = {{Lovenduski}, N.~S. and McKinley, G.~A. and Fay, A.~R. and {Lindsay}, K. and {\textbf{Long}}, {\textbf{M}}~{\textbf{C}}},
	Date-Added = {2019-11-10 07:28:42 -0700},
	Date-Modified = {2019-11-10 07:28:42 -0700},
	Doi = {10.1002/2016GB005426},
	Journal = {Global Biogeochemical Cycles},
	Pages = {1276-1287},
	Title = {{Partitioning uncertainty in ocean carbon uptake projections: Internal variability, emission scenario, and model structure}},
	Volume = {30},
	Year = {2016},
	Bdsk-Url-1 = {http://dx.doi.org/10.1002/2016GB005426}}

@article{Lovenduski-Yeager-etal-2019,
	Author = {Lovenduski, Nicole S. and Yeager, Stephen G. and Lindsay, Keith and {\textbf{Long}}, {\textbf{M}}~{\textbf{C}}},
	Date-Added = {2019-11-10 07:28:42 -0700},
	Date-Modified = {2019-11-10 07:28:42 -0700},
	Doi = {10.5194/esd-10-45-2019},
	Issn = {2190-4987},
	Journal = {Earth System Dynamics},
	Month = {Jan},
	Number = {1},
	Pages = {45--57},
	Title = {Predicting near-term variability in ocean carbon uptake},
	Url = {http://dx.doi.org/10.5194/esd-10-45-2019},
	Volume = {10},
	Year = {2019},
	Bdsk-Url-1 = {http://dx.doi.org/10.5194/esd-10-45-2019}}

@article{McKinley-Pilcher-etal-2016,
	Author = {Galen A. McKinley and Darren J. Pilcher and Amanda R. Fay and Keith Lindsay and {\textbf{Long}}, {\textbf{M}}~{\textbf{C}} and Nicole Lovenduski},
	Date-Added = {2019-11-10 07:28:42 -0700},
	Date-Modified = {2019-11-10 07:28:42 -0700},
	Doi = {10.1038/nature16958},
	Journal = {Nature},
	Pages = {469--472},
	Title = {Timescales for detection of trends in the ocean carbon sink},
	Volume = {530},
	Year = {2016},
	Bdsk-Url-1 = {http://dx.doi.org/10.1038/nature16958}}

@article{Moore-Fu-etal-2018,
	Author = {J. Keith Moore and Weiwei Fu and Francois Primeau and Gregory L. Britten and Keith Lindsay and {\textbf{Long}}, {\textbf{M}}~{\textbf{C}} and Scott C. Doney and Natalie Mahowald and Forrest Hoffman and James T. Randerson},
	Date-Added = {2019-11-10 07:28:42 -0700},
	Date-Modified = {2019-11-10 07:28:42 -0700},
	Doi = {10.1126/science.aao6379},
	Journal = {Science},
	Number = {6380},
	Pages = {1139-1143},
	Title = {Sustained climate warming drives declining marine biological productivity},
	Volume = {359},
	Year = {2018},
	Bdsk-Url-1 = {https://dx.doi.org/10.1126/science.aao6379}}

@article{Moore-Lindsay-etal-2013,
	Annote = {doi: 10.1175/JCLI-D-12-00566.1},
	Author = {Moore, J. Keith and Lindsay, Keith and Doney, Scott C. and {\textbf{Long}}, {\textbf{M}}~{\textbf{C}} and Misumi, Kazuhiro},
	Date-Added = {2019-11-10 07:28:42 -0700},
	Date-Modified = {2019-11-10 07:28:42 -0700},
	Doi = {10.1175/JCLI-D-12-00566.1},
	Journal = {Journal of Climate},
	Number = {23},
	Pages = {9291-9312},
	Title = {Marine Ecosystem Dynamics and Biogeochemical Cycling in the {Community Earth System Model} {{$[$}CESM1(BGC){$]$}}: Comparison of the 1990s with the 2090s under the {RCP4.5} and {RCP8.5} Scenarios},
	Volume = {26},
	Year = {2013},
	Bdsk-Url-1 = {http://dx.doi.org/10.1175/JCLI-D-12-00566.1}}

@article{Muller-Karger-Hestir-etal-2018,
	Author = {Frank E. Muller-Karger and Erin Hestir and Christiana Ade and Kevin Turpie and Dar A. Roberts and David Siegel and Robert J. Miller and David Humm and Noam Izenberg and Mary Keller and Frank Morgan and Robert Frouin and Arnold G. Dekker and Royal Gardner and James Goodman and Blake Schaeffer and Bryan A. Franz and Nima Pahlevan and Antonio G. Mannino and Javier A. Concha and Steven G. Ackleson and Kyle C. Cavanaugh and Anastasia Romanou and Maria Tzortziou and Emmanuel S. Boss and Ryan Pavlick and Anthony Freeman and Cecile S. Rousseaux and John Dunne and {\textbf{Long}}, {\textbf{M}}~{\textbf{C}} and Eduardo Klein and Galen A. McKinley and Joachim Goes and Ricardo Letelier and Maria Kavanaugh and Mitchell Roffer and Astrid Bracher and Kevin R. Arrigo and Heidi Dierssen and Xiaodong Zhang and Frank W. Davis and Ben Best and Robert Guralnick and John Moisan and Heidi M. Sosik and Raphael Kudela and Colleen B. Mouw and Andrew H. Barnard and Sherry Palacios and Collin Roesler and Evangelia G. Drakou and Ward Appeltans and Walter Jetz},
	Date-Added = {2019-11-10 07:28:42 -0700},
	Date-Modified = {2019-11-10 07:28:42 -0700},
	Doi = {10.1002/eap.1682},
	Journal = {Ecological applications},
	Title = {Satellite sensor requirements for monitoring essential biodiversity variables of coastal ecosystems},
	Year = {2018},
	Bdsk-Url-1 = {https://dx.doi.org/10.1002/eap.1682}}

@article{Munro-Dunbar-etal-2010,
	Author = {Munro, D. R. and Dunbar, R. B. and Mucciarone, D. A. and Arrigo, K. R. and {\textbf{Long}}, {\textbf{M}}~{\textbf{C}}},
	Date = {2010/09/04},
	Date-Added = {2019-11-10 07:28:42 -0700},
	Date-Modified = {2019-11-10 07:28:42 -0700},
	Doi = {10.1029/2009JC005661},
	Eid = {C09005},
	Isbn = {0148-0227},
	Journal = {Journal of Geophysical Research},
	Keywords = {sea ice; Ross Sea; stable isotopes; 4207 Oceanography: General: Arctic and Antarctic oceanography; 4870 Oceanography: Biological and Chemical: Stable isotopes; 4805 Oceanography: Biological and Chemical: Biogeochemical cycles, processes, and modeling; 0750 Cryosphere: Sea ice},
	Month = {09},
	Number = {C9},
	Title = {{Stable isotope composition of dissolved inorganic carbon and particulate organic carbon in sea ice from the Ross Sea, Antarctica}},
	Ty = {JOUR},
	Volume = {115},
	Year = {2010},
	Bdsk-Url-1 = {http://dx.doi.org/10.1029/2009JC005661}}

@article{Nevison-Manizza-etal-2016,
	Author = {Nevison, C. D. and Manizza, M. and Keeling, R. F. and Stephens, B. B. and Bent, J. D. and Dunne, J. and Ilyina, T. and {\textbf{Long}}, {\textbf{M}}~{\textbf{C}} and Resplandy, L. and Tjiputra, J. and Yukimoto, S.},
	Date-Added = {2019-11-10 07:28:42 -0700},
	Date-Modified = {2019-11-10 07:28:42 -0700},
	Doi = {10.1002/2015GL067584},
	Journal = {Geophysical Research Letters},
	Keywords = {Air/sea constituent fluxes, Carbon cycling, Biogeochemical cycles, processes, and modeling, Coupled models of the climate system, APO, CMIP5 models, Southern Ocean carbon cycle, carbon cycle, ocean carbon sink, air-sea fluxes},
	Title = {{Evaluating CMIP5 ocean biogeochemistry and Southern Ocean carbon uptake using atmospheric potential oxygen: Present-day performance and future projection}},
	Year = {2016},
	Bdsk-Url-1 = {http://dx.doi.org/10.1002/2015GL067584}}

@article{Resplandy-Keeling-etal-2018,
	Author = {L. Resplandy and R. Keeling and C. R{\"o}denbeck and B.~B. Stephens and S. Khatiwala and K. Rodgers and {\textbf{Long}}, {\textbf{M}}~{\textbf{C}} and L. Bopp and P. Tans},
	Date-Added = {2019-11-10 07:28:42 -0700},
	Date-Modified = {2019-11-10 07:28:42 -0700},
	Doi = {10.1038/s41561-018-0151-3},
	Journal = {Nature Geoscience},
	Number = {7},
	Pages = {504--509},
	Title = {{Revision of global carbon fluxes based on a reassessment of oceanic and riverine carbon transport}},
	Volume = {11},
	Year = {2018},
	Bdsk-Url-1 = {https://doi.org/10.1038/s41561-018-0151-3}}

@article{Resplandy-Keeling-etal-2018a,
	Author = {Resplandy, L. and Keeling, R. F. and Eddebbar, Y. and Brooks, M. K. and Wang, R. and Bopp, L. and {\textbf{Long}}, {\textbf{M}}~{\textbf{C}} and Dunne, J. P. and Koeve, W. and Oschlies, A.},
	Date-Added = {2019-11-10 07:28:42 -0700},
	Date-Modified = {2019-11-10 07:28:42 -0700},
	Doi = {10.1038/s41586-018-0651-8},
	Journal = {Nature},
	Note = {{(Retracted)}},
	Number = {7729},
	Pages = {105--108},
	Title = {Quantification of ocean heat uptake from changes in atmospheric {O$_2$} and {CO$_2$} composition},
	Volume = {563},
	Year = {2018},
	Bdsk-Url-1 = {https://doi.org/10.1038/s41586-018-0651-8}}

@article{Rohr-Long-etal-2017,
	Author = {$^*$Rohr, Tyler and {\textbf{Long}}, {\textbf{M}}~{\textbf{C}} and Maria T. Kavanaugh and Keith Lindsay and Scott C. Doney},
	Date-Added = {2019-11-10 07:28:42 -0700},
	Date-Modified = {2019-11-10 07:28:42 -0700},
	Doi = {10.1002/2016GB005615},
	Journal = {Global Biogeochemical Cycles},
	Title = {{Variability in the mechanisms controlling Southern Ocean phytoplankton bloom phenology in an ocean model and satellite observations}},
	Year = {2017},
	Bdsk-Url-1 = {http://dx.doi.org/10.1002/2016GB005615}}

@article{Rose-Feng-etal-2009,
	Author = {Rose, J. M. and Feng, Y. and DiTullio, G. R. and Dunbar, R. B. and Hare, C. E. and Lee, P. A. and Lohan, M. and {\textbf{Long}}, {\textbf{M}}~{\textbf{C}} and Smith Jr., W. O. and Sohst, B. and Tozzi, S. and Zhang, Y. and Hutchins, D. A.},
	Date-Added = {2019-11-10 07:28:42 -0700},
	Date-Modified = {2019-11-10 07:28:42 -0700},
	Doi = {10.5194/bg-6-3131-2009},
	Journal = {Biogeosciences},
	Number = {12},
	Pages = {3131-3147},
	Title = {{Synergistic effects of iron and temperature on Antarctic plankton assemblages}},
	Volume = {6},
	Year = {2009},
	Bdsk-Url-1 = {http://www.biogeosciences-discuss.net/6/5849/2009/},
	Bdsk-Url-2 = {http://dx.doi.org/10.5194/bgd-6-5849-2009}}

@article{Sedwick-Marsay-etal-2011,
	Adsnote = {Provided by the SAO/NASA Astrophysics Data System},
	Adsurl = {http://adsabs.harvard.edu/abs/2011JGRC..11612019S},
	Author = {{Sedwick}, P.~N. and {Marsay}, C.~M. and {Sohst}, B.~M. and {Aguilar-Islas}, A.~M. and {Lohan}, M.~C. and {\textbf{Long}}, {\textbf{M}}~{\textbf{C}} and {Arrigo}, K.~R. and {Dunbar}, R.~B. and {Saito}, M.~A. and {Smith}, W.~O. and {DiTullio}, G.~R.},
	Date-Added = {2019-11-10 07:28:42 -0700},
	Date-Modified = {2019-11-10 07:28:42 -0700},
	Doi = {10.1029/2010JC006553},
	Eid = {C12019},
	Journal = {Journal of Geophysical Research},
	Keywords = {Oceanography: General: Arctic and Antarctic oceanography (9310, 9315), Oceanography: General: Diurnal, seasonal, and annual cycles (0438), Oceanography: Biological and Chemical: Biogeochemical cycles, processes, and modeling (0412, 0414, 0793, 1615, 4912), Oceanography: Biological and Chemical: Ecosystems, structure, dynamics, and modeling (0439), Oceanography: Biological and Chemical: Trace elements (0489)},
	Month = dec,
	Number = C15,
	Pages = {12019},
	Title = {{Early season depletion of dissolved iron in the Ross Sea polynya: Implications for iron dynamics on the Antarctic continental shelf}},
	Volume = 116,
	Year = 2011,
	Bdsk-Url-1 = {http://dx.doi.org/10.1029/2010JC006553}}

@article{Smith-Tozzi-etal-2013,
	Adsnote = {Provided by the SAO/NASA Astrophysics Data System},
	Adsurl = {http://adsabs.harvard.edu/abs/2013DSRI...79..141S},
	Author = {{Smith}, Jr., W.~O. and {Tozzi}, S. and {\textbf{Long}}, {\textbf{M}}~{\textbf{C}} and {Sedwick}, P.~N. and {Peloquin}, J.~A. and {Dunbar}, R.~B. and {Hutchins}, D.~A. and {Kolber}, Z. and {DiTullio}, G.~R.},
	Date-Added = {2019-11-10 07:28:42 -0700},
	Date-Modified = {2019-11-10 07:28:42 -0700},
	Doi = {10.1016/j.dsr.2013.05.002},
	Journal = {Deep Sea Research},
	Month = sep,
	Pages = {141-155},
	Title = {{Spatial and temporal variations in variable fluoresence in the Ross Sea (Antarctica): Oceanographic correlates and bloom dynamics}},
	Volume = 79,
	Year = 2013,
	Bdsk-Url-1 = {http://dx.doi.org/10.1016/j.dsr.2013.05.002}}

@article{Song-Long-etal-2018,
	Author = {Song, Hajoon and {\textbf{Long}}, {\textbf{M}}~{\textbf{C}} and Gaube, Peter and Frenger, Ivy and Marshall, John and McGillicuddy, Dennis J.},
	Date-Added = {2019-11-10 07:28:42 -0700},
	Date-Modified = {2020-05-26 16:32:22 -0600},
	Doi = {10.1029/2017GL076246},
	Journal = {Geophysical Research Letters},
	Keywords = {mesoscale eddy, vertical mixing, chlorophyll, Southern Ocean, iron, light},
	Number = {10},
	Pages = {5011-5019},
	Title = {{Seasonal Variation in the Correlation Between Anomalies of Sea Level and Chlorophyll in the Antarctic Circumpolar Current}},
	Volume = {45},
	Year = {2018},
	Bdsk-Url-1 = {https://doi.org/10.1029/2017GL076246}}

@article{Stephens-Long-etal-2018,
	Author = {Stephens, B. B. and {\textbf{Long}}, {\textbf{M}}~{\textbf{C}} and Keeling, R. F. and Kort, E. A. and Sweeney, C. and Apel, E. C. and Atlas, E. L. and Beaton, S. and Bent, J. D. and Blake, N. J. and Bresch, J. F. and Casey, J. and Daube, B. C. and Diao, M. and Diaz, E. and Dierssen, H. and Donets, V. and Gao, B.-C. and Gierach, M. and Green, R. and Haag, J. and Hayman, M. and Hills, A. J. and Hoecker-Mart{\'\i}nez, M. S. and Honomichl, S. B. and Hornbrook, R. S. and Jensen, J. B. and Li, R.-R. and McCubbin, I. and McKain, K. and Morgan, E. J. and Nolte, S. and Powers, J. G. and Rainwater, B. and Randolph, K. and Reeves, M. and Schauffler, S. M. and Smith, K. and Stith, J. and Stossmeister, G. and Toohey, D. W. and Watt, A. S.},
	Date-Added = {2019-11-10 07:28:42 -0700},
	Date-Modified = {2019-11-10 07:28:42 -0700},
	Doi = {10.1175/bams-d-16-0206.1},
	Journal = {Bulletin of the American Meteorological Society},
	Month = {Feb},
	Number = {2},
	Pages = {381--402},
	Title = {{The O$_2$/N$_2$ Ratio and CO$_2$ Airborne Southern Ocean (ORCAS) Study}},
	Volume = {99},
	Year = {2018},
	Bdsk-Url-1 = {http://dx.doi.org/10.1175/BAMS-D-16-0206.1},
	Bdsk-Url-2 = {http://dx.doi.org/10.1175/bams-d-16-0206.1}}

@article{Tortell-Gueguen-etal-2011,
	Author = {Tortell, P. D. and Gu\'{e}guen, C. and {\textbf{Long}}, {\textbf{M}}~{\textbf{C}} and Payne, C. D. and Lee, P. and DiTullio, G. R.},
	Date-Added = {2019-11-10 07:28:42 -0700},
	Date-Modified = {2019-11-10 07:28:42 -0700},
	Doi = {10.1016/j.dsr.2010.12.006},
	Isbn = {0967-0637},
	Journal = {Deep Sea Research, Part I},
	Keywords = {Ross Sea; CO2; O2/Ar; Dimethylsulfide; Mass spectrometry; Phaeocystis; Diatoms; Net community production; Air-sea exchange},
	Number = {3},
	Pages = {241--259},
	Title = {{Spatial variability and temporal dynamics of surface water {{\it p}CO$_2$}, {$\Delta$O$_2$/Ar}, and dimethylsulfide in the {Ross Sea, Antarctic}}},
	Volume = {58},
	Year = {2011},
	Bdsk-Url-1 = {https://doi.org/10.1016/j.dsr.2010.12.006},
	Bdsk-Url-2 = {http://dx.doi.org/10.1016/j.dsr.2010.12.006}}

@article{Tortell-Long-2009,
	Author = {{Tortell}, P.~D. and {\textbf{Long}}, {\textbf{M}}~{\textbf{C}}},
	Date-Added = {2019-11-10 07:28:42 -0700},
	Date-Modified = {2019-11-10 07:28:42 -0700},
	Doi = {10.1029/2008GL035819},
	Eid = {L01603},
	Journal = {Geophysical Research Letters},
	Keywords = {Oceanography: Biological and Chemical: Gases, Oceanography: General: Arctic and Antarctic oceanography (9310, 9315), Cryosphere: Ice (1863), Biogeosciences: Instruments and techniques},
	Month = jan,
	Title = {{Spatial and temporal variability of biogenic gases during the Southern Ocean spring bloom}},
	Volume = 36,
	Year = 2009,
	Bdsk-Url-1 = {http://dx.doi.org/10.1029/2008GL035819}}

@article{Tortell-Long-etal-2012,
	Author = {{Tortell}, P.~D. and {\textbf{Long}}, {\textbf{M}}~{\textbf{C}} and {Payne}, C.~D. and {Alderkamp}, A.-C. and {Dutrieux}, P. and {Arrigo}, K.~R.},
	Date-Added = {2019-11-10 07:28:42 -0700},
	Date-Modified = {2019-11-10 07:28:42 -0700},
	Doi = {10.1016/j.dsr2.2012.03.010},
	Journal = {Deep Sea Research, Part II},
	Month = sep,
	Pages = {77-93},
	Title = {{Spatial distribution of pCO$_{2}$, {$\Delta$}O$_{2}$/Ar and dimethylsulfide (DMS) in polynya waters and the sea ice zone of the Amundsen Sea, Antarctica}},
	Volume = 71,
	Year = 2012,
	Bdsk-Url-1 = {http://dx.doi.org/10.1016/j.dsr2.2012.03.010}}

@article{Yang-Gruber-etal-2017,
	Author = {$^*$Yang, Simon and Gruber, Nicolas and {\textbf{Long}}, {\textbf{M}}~{\textbf{C}} and Vogt, Meike},
	Date-Added = {2019-11-10 07:28:42 -0700},
	Date-Modified = {2020-05-26 16:31:43 -0600},
	Doi = {10.1002/2016gb005596},
	Issn = {0886-6236},
	Journal = {Global Biogeochemical Cycles},
	Month = {Oct},
	Number = {10},
	Pages = {1470--1487},
	Title = {{ENSO-Driven Variability of Denitrification and Suboxia in the Eastern Tropical Pacific Ocean}},
	Volume = {31},
	Year = {2017},
	Bdsk-Url-1 = {http://dx.doi.org/10.1002/2016GB005596},
	Bdsk-Url-2 = {http://dx.doi.org/10.1002/2016gb005596}}

@article{Yeager-Danabasoglu-etal-2018,
	Author = {Yeager, S. G. and Danabasoglu, G. and Rosenbloom, N. A. and Strand, W. and Bates, S. C. and Meehl, G. A. and Karspeck, A. R. and Lindsay, K. and {\textbf{Long}}, {\textbf{M}}~{\textbf{C}} and Teng, H. and Lovenduski, N. S.},
	Date-Added = {2019-11-10 07:28:42 -0700},
	Date-Modified = {2020-05-26 16:33:20 -0600},
	Doi = {10.1175/bams-d-17-0098.1},
	Journal = {Bulletin of the American Meteorological Society},
	Month = {Mar},
	Title = {{Predicting near-term changes in the Earth System: A large ensemble of initialized decadal prediction simulations using the Community Earth System Model}},
	Year = {2018},
	Bdsk-Url-1 = {http://dx.doi.org/10.1175/BAMS-D-17-0098.1},
	Bdsk-Url-2 = {http://dx.doi.org/10.1175/bams-d-17-0098.1}}
